<?xml version="1.0" encoding="UTF-8"?><collection xmlns="http://www.loc.gov/MARC21/slim"><record><leader>00437nam--2200133-i-4500</leader><controlfield tag="001">000016301</controlfield><controlfield tag="002">20161230</controlfield><controlfield tag="005">20161230201031</controlfield><controlfield tag="008">060222s1000------------r-----000-0-eng-d</controlfield><datafield ind1=" " ind2=" " tag="080"><subfield code="a">681.375.5(043)</subfield></datafield><datafield ind1=" " ind2=" " tag="100"><subfield code="a">Bellicard, Jean-baptiste</subfield></datafield><datafield ind1=" " ind2=" " tag="245"><subfield code="a">Etude au spectrometre beta a double focalisati on d electrons de faibles energies emis par le s substances radioactives.theses</subfield></datafield><datafield ind1=" " ind2=" " tag="260"><subfield code="a">Paris, Massonsete C-ie, 1956. 51 P</subfield></datafield><datafield ind1=" " ind2=" " tag="852"><subfield code="a">78094</subfield></datafield></record></collection>